<?xml version="1.0" encoding="UTF-8"?><collection xmlns="http://www.loc.gov/MARC21/slim"><record><leader>00384nam--2200133-i-4500</leader><controlfield tag="001">000033389</controlfield><controlfield tag="002">20161230</controlfield><controlfield tag="005">20161230201039</controlfield><controlfield tag="008">060222s1000------------r-----000-0-eng-d</controlfield><datafield ind1=" " ind2=" " tag="080"><subfield code="a">541.5:54677(043)</subfield></datafield><datafield ind1=" " ind2=" " tag="100"><subfield code="a">Mouron, Patrick</subfield></datafield><datafield ind1=" " ind2=" " tag="245"><subfield code="a">Etude des valences vi, v, iv et iii du molybdene dans l`acide acetique. these</subfield></datafield><datafield ind1=" " ind2=" " tag="260"><subfield code="a">Orleans, Universite, 1979, Iii + 127p</subfield></datafield><datafield ind1=" " ind2=" " tag="852"><subfield code="a">49775</subfield></datafield></record></collection>